% scibib.bib

% This is the .bib file used to compile the document "A simple Science
% template" (scifile.tex).  It is not intended as an example of how to
% set up your BibTeX file.

@Book{DynProg,
author = {Bellman, Richard},
title = {Dynamic Programming},
publisher = {Princeton University Press, New Jersey},
year = {1957},
isbn = {0486428095}
}

@book{PythonMachineLearningCh1,
title = {Python Machine Learning},
edition = {3rd ed.},
chapter = {1},
year = {2019},
author = {Raschka, Sebastian and Mirjalili, Vahid},
publisher = {Packt Publishing},
isbn = {9781789955750}
}

@book{PythonMachineLearningCh5,
title = {Python Machine Learning},
edition = {3rd ed.},
chapter = {5},
year = {2019},
author = {Raschka, Sebastian and Mirjalili, Vahid},
publisher = {Packt Publishing},
isbn = {9781789955750}
}


@book{HandsOnMLCh1,
title={Hands-On Machine Learning with Scikit-Learn and TensorFlow: Concepts, Tools, and Techniques to Build Intelligent Systems},
author={Aur{\'e}lien G{\'e}ron},
year={2017},
chapter = {1},
edition = {2nd ed.},
isbn = {1492032646},
publisher = {O'Reilly}
}
@book{HandsOnMLCh8,
title={Hands-On Machine Learning with Scikit-Learn and TensorFlow: Concepts, Tools, and Techniques to Build Intelligent Systems},
author={Aur{\'e}lien G{\'e}ron},
year={2017},
chapter = {8},
edition = {2nd ed.},
isbn = {1492032646},
publisher = {O'Reilly}
}

@book{ma2012manifold,
  title={Manifold learning theory and applications},
  author={Ma, Yunqian and Fu, Yun},
  volume={434},
  year={2012},
  publisher={CRC press Boca Raton, FL}
}

@article{tenenbaum2000global,
  title={A global geometric framework for nonlinear dimensionality reduction},
  author={Tenenbaum, Joshua B and De Silva, Vin and Langford, John C},
  journal={science},
  volume={290},
  number={5500},
  pages={2319--2323},
  year={2000},
  publisher={American Association for the Advancement of Science}
}

@article{scikit-learn,
 title={Scikit-learn: Machine Learning in {P}ython},
 author={Pedregosa, F. and Varoquaux, G. and Gramfort, A. and Michel, V.
         and Thirion, B. and Grisel, O. and Blondel, M. and Prettenhofer, P.
         and Weiss, R. and Dubourg, V. and Vanderplas, J. and Passos, A. and
         Cournapeau, D. and Brucher, M. and Perrot, M. and Duchesnay, E.},
 journal={Journal of Machine Learning Research},
 volume={12},
 pages={2825--2830},
 year={2011}
}

@inproceedings{rosipal2005overview,
  title={Overview and recent advances in partial least squares},
  author={Rosipal, Roman and Kr{\"a}mer, Nicole},
  booktitle={International Statistical and Optimization Perspectives Workshop" Subspace, Latent Structure and Feature Selection"},
  pages={34--51},
  year={2005},
  organization={Springer}
}

@book{GeometricStructureWangCh1,
  author = {Wang, Jianzhong},
  title = {Geometric Structure of High-Dimensional Data and Dimensionality Reduction},
  year = {2012},
  isbn = {9783642274961},
  chapter = {1},
  edition = {1},
  publisher = {Springer Publishing Company, Incorporated}
}

@inproceedings{Lee2007NonlinearDR,
  title={Nonlinear Dimensionality Reduction},
  author={John Aldo Lee and Michel Verleysen},
  isbn = {9781441922885},
  edition = {1},
  publisher = {Springer},
  year={2007}
}

@article{pearson1901liii,
  title={LIII. On lines and planes of closest fit to systems of points in space},
  author={Pearson, Karl},
  journal={The London, Edinburgh, and Dublin philosophical magazine and journal of science},
  volume={2},
  number={11},
  pages={559--572},
  year={1901},
  publisher={Taylor \& Francis}
}

@book{DRUnsupervisedNearestNeighbors,
  author = {Kramer, Oliver},
  title = {Dimensionality Reduction with Unsupervised Nearest Neighbors},
  year = {2013},
  isbn = {9783662518953},
  edition = {1},
  publisher = {Springer}
}

@article{wright2001large,
  title={Large-scale computation of pseudospectra using ARPACK and eigs},
  author={Wright, Thomas G and Trefethen, Lloyd N},
  journal={SIAM Journal on Scientific Computing},
  volume={23},
  number={2},
  pages={591--605},
  year={2001},
  publisher={SIAM}
}

@book{MultilinearSubspaceLearningCh2,
  author = {Lu, Haiping and Plataniotis, Konstantinos N. and Venetsanopoulos, Anastasios},
  title = {Multilinear Subspace Learning: Dimensionality Reduction of Multidimensional Data},
  year = {2013},
  chapter = {2},
  isbn = {9781439857243},
  edition = {1},
  publisher = {Chapman and Hall/CRC}
}

@article{minka2000automatic,
  title={Automatic choice of dimensionality for PCA},
  author={Minka, Thomas},
  journal={Advances in neural information processing systems},
  volume={13},
  pages={598--604},
  year={2000}
}

@article{halko2011finding,
  title={Finding structure with randomness: Probabilistic algorithms for constructing approximate matrix decompositions},
  author={Halko, Nathan and Martinsson, Per-Gunnar and Tropp, Joel A},
  journal={SIAM review},
  volume={53},
  number={2},
  pages={217--288},
  year={2011},
  publisher={SIAM}
}

@article{roweis2000nonlinear,
  title={Nonlinear dimensionality reduction by locally linear embedding},
  author={Roweis, Sam T and Saul, Lawrence K},
  journal={science},
  volume={290},
  number={5500},
  pages={2323--2326},
  year={2000},
  publisher={American Association for the Advancement of Science}
}

@article{van2008visualizing,
  title={Visualizing data using t-SNE.},
  author={Van der Maaten, Laurens and Hinton, Geoffrey},
  journal={Journal of machine learning research},
  volume={9},
  number={11},
  year={2008}
}

@article{fisher1936use,
  title={The use of multiple measurements in taxonomic problems},
  author={Fisher, Ronald A},
  journal={Annals of eugenics},
  volume={7},
  number={2},
  pages={179--188},
  year={1936},
  publisher={Wiley Online Library}
}

@article{scholkopf1998nonlinear,
  title={Nonlinear component analysis as a kernel eigenvalue problem},
  author={Sch{\"o}lkopf, Bernhard and Smola, Alexander and M{\"u}ller, Klaus-Robert},
  journal={Neural computation},
  volume={10},
  number={5},
  pages={1299--1319},
  year={1998},
  publisher={MIT Press}
}

@article{van2014accelerating,
  title={Accelerating t-SNE using tree-based algorithms},
  author={Van Der Maaten, Laurens},
  journal={The Journal of Machine Learning Research},
  volume={15},
  number={1},
  pages={3221--3245},
  year={2014},
  publisher={JMLR. org}
}

@inproceedings{cai2008training,
  title={Training linear discriminant analysis in linear time},
  author={Cai, Deng and He, Xiaofei and Han, Jiawei},
  booktitle={2008 IEEE 24th International Conference on Data Engineering},
  pages={209--217},
  year={2008},
  organization={IEEE}
}

@article{di2013new,
  title={A new supervised dimensionality reduction algorithm using linear discriminant analysis and locality preserving projection},
  author={Di Zhang, Yun Zhao and Du, Minghui},
  journal={WSEAS TRANSACTIONS on INFORMATION SCIENCE and APPLICATIONS, E-ISSN},
  pages={2224--3402},
  year={2013}
}


@article{Tipping:2006va,
author = {Tipping, Michael E and Bishop, Christoper M},
title = {{Mixtures of Probabilistic Principal Component Analysers}},
year = {2006},
pages = {1--30},
month = jun,
annote = {scikit implementation}
}

@book{brunton2019data,
  title={Data-driven science and engineering: Machine learning, dynamical systems, and control},
  author={Brunton, Steven L and Kutz, J Nathan},
  year={2019},
  publisher={Cambridge University Press}
}

@book{Jolliffe2002book,
author = {Jolliffe, Ian T},
title = {{Principal Component Analysis}},
publisher = {Springer},
year = {2002},
edition = {2nd}
}

@article{martinsson2011randomized,
  title={A randomized algorithm for the decomposition of matrices},
  author={Martinsson, Per-Gunnar and Rokhlin, Vladimir and Tygert, Mark},
  journal={Applied and Computational Harmonic Analysis},
  volume={30},
  number={1},
  pages={47--68},
  year={2011},
  publisher={Elsevier}
}

@article{tipping1999mixtures,
  title={Mixtures of probabilistic principal component analyzers},
  author={Tipping, Michael E and Bishop, Christopher M},
  journal={Neural computation},
  volume={11},
  number={2},
  pages={443--482},
  year={1999},
  publisher={MIT Press One Rogers Street, Cambridge, MA 02142-1209, USA journals-info~â€¦}
}

@article{jolliffe2016principal,
  title={Principal component analysis: a review and recent developments},
  author={Jolliffe, Ian T and Cadima, Jorge},
  journal={Philosophical Transactions of the Royal Society A: Mathematical, Physical and Engineering Sciences},
  volume={374},
  number={2065},
  pages={20150202},
  year={2016},
  publisher={The Royal Society Publishing}
}

@article{stewart1993early,
  title={On the early history of the singular value decomposition},
  author={Stewart, Gilbert W},
  journal={SIAM review},
  volume={35},
  number={4},
  pages={551--566},
  year={1993},
  publisher={SIAM}
}

@article{abdi2007eigen,
  title={The eigen-decomposition: Eigenvalues and eigenvectors},
  author={Abdi, Herv{\'e}},
  journal={Encyclopedia of measurement and statistics},
  pages={304--308},
  year={2007},
  publisher={Sage Thousand Oaks, CA}
}

% yale face b database
@article{georghiades2001few,
  title={From few to many: Illumination cone models for face recognition under variable lighting and pose},
  author={Georghiades, Athinodoros S. and Belhumeur, Peter N. and Kriegman, David J.},
  journal={IEEE transactions on pattern analysis and machine intelligence},
  volume={23},
  number={6},
  pages={643--660},
  year={2001},
  publisher={IEEE}
}
